@misc{shi2021aishell3multispeakermandarintts,
  title         = {AISHELL-3: A Multi-speaker Mandarin TTS Corpus and the Baselines},
  author        = {Yao Shi and Hui Bu and Xin Xu and Shaoji Zhang and Ming Li},
  year          = {2021},
  eprint        = {2010.11567},
  archiveprefix = {arXiv},
  primaryclass  = {cs.SD},
  url           = {https://arxiv.org/abs/2010.11567}
}

@misc{warden2018speechcommandsdatasetlimitedvocabulary,
  title         = {Speech Commands: A Dataset for Limited-Vocabulary Speech Recognition},
  author        = {Pete Warden},
  year          = {2018},
  eprint        = {1804.03209},
  archiveprefix = {arXiv},
  primaryclass  = {cs.CL},
  url           = {https://arxiv.org/abs/1804.03209}
}

@misc{sung2020ssgdsymmetricalstochasticgradient,
  title         = {S-SGD: Symmetrical Stochastic Gradient Descent with Weight Noise Injection for Reaching Flat Minima},
  author        = {Wonyong Sung and Iksoo Choi and Jinhwan Park and Seokhyun Choi and Sungho Shin},
  year          = {2020},
  eprint        = {2009.02479},
  archiveprefix = {arXiv},
  primaryclass  = {cs.LG},
  url           = {https://arxiv.org/abs/2009.02479}
}

@article{Kingma2014AdamAM,
  title   = {Adam: A Method for Stochastic Optimization},
  author  = {Diederik P. Kingma and Jimmy Ba},
  journal = {CoRR},
  year    = {2014},
  volume  = {abs/1412.6980},
  url     = {https://api.semanticscholar.org/CorpusID:6628106}
}

@misc{vaswani2023attentionneed,
  title         = {Attention Is All You Need},
  author        = {Ashish Vaswani and Noam Shazeer and Niki Parmar and Jakob Uszkoreit and Llion Jones and Aidan N. Gomez and Lukasz Kaiser and Illia Polosukhin},
  year          = {2023},
  eprint        = {1706.03762},
  archiveprefix = {arXiv},
  primaryclass  = {cs.CL},
  url           = {https://arxiv.org/abs/1706.03762}
}

@inproceedings{8462506,
  author    = {Dong, Linhao and Xu, Shuang and Xu, Bo},
  booktitle = {2018 IEEE International Conference on Acoustics, Speech and Signal Processing (ICASSP)},
  title     = {Speech-Transformer: A No-Recurrence Sequence-to-Sequence Model for Speech Recognition},
  year      = {2018},
  volume    = {},
  number    = {},
  pages     = {5884-5888},
  keywords  = {Hidden Markov models;Encoding;Training;Decoding;Speech recognition;Time-frequency analysis;Spectrogram;Speech Recognition;Sequence-to-Sequence;Attention;Transformer},
  doi       = {10.1109/ICASSP.2018.8462506}
}

@inproceedings{Gao2019ToneNetAC,
  title     = {ToneNet: A CNN Model of Tone Classification of Mandarin Chinese},
  author    = {Qiang Gao and Shutao Sun and Yaping Yang},
  booktitle = {Interspeech},
  year      = {2019},
  url       = {https://api.semanticscholar.org/CorpusID:202727233}
}